<?xml version="1.0" encoding="UTF-8"?><record xmlns="http://www.loc.gov/MARC21/slim" xmlns:cinclude="http://apache.org/cocoon/include/1.0" xmlns:zs="http://www.loc.gov/zing/srw/">
  <leader>00843cz  a2200157n  4500</leader>
  <controlfield tag="001">n 2007080795</controlfield>
  <controlfield tag="003">DLC</controlfield>
  <controlfield tag="005">20071115074923.0</controlfield>
  <controlfield tag="008">071108n| acannaabn          |a ana      </controlfield>
  <datafield tag="010" ind1=" " ind2=" ">
    <subfield code="a">n 2007080795</subfield>
  </datafield>
  <datafield tag="040" ind1=" " ind2=" ">
    <subfield code="a">DLC</subfield>
    <subfield code="b">eng</subfield>
    <subfield code="c">DLC</subfield>
    <subfield code="d">DLC</subfield>
  </datafield>
  <datafield tag="110" ind1="2" ind2=" ">
    <subfield code="a">Eötvös Loránd Tudományegyetem.</subfield>
    <subfield code="b">Egyetemközi Francia Központ</subfield>
  </datafield>
  <datafield tag="410" ind1="2" ind2=" ">
    <subfield code="a">Eötvös Loránd Tudományegyetem.</subfield>
    <subfield code="b">Centre interuniversitaire d'études françaises</subfield>
  </datafield>
  <datafield tag="410" ind1="2" ind2=" ">
    <subfield code="a">Centre interuniversitaire d'études françaises (Eötvös Loránd Tudományegyetem)</subfield>
  </datafield>
  <datafield tag="670" ind1=" " ind2=" ">
    <subfield code="a">Prisonnier de sa langue, libre dans sa langue, 2006:</subfield>
    <subfield code="b">p. opp. t.p. (Centre interuniversitaire d'études françaises de l'Université Eötvös Loránd de Budapest)</subfield>
  </datafield>
  <datafield tag="670" ind1=" " ind2=" ">
    <subfield code="a">Internet, Librivision: OSZK cat., Nov. 14, 2007:</subfield>
    <subfield code="b">(hdg.: Eötvös Loránd Tudományegyetem. Egyetemközi Francia Központ)</subfield>
  </datafield>
</record>